@book{weinberg1972gravitation,
	title={Gravitation and cosmology: Principle and applications of general theory of relativity},
	author={Weinberg, Steven},
	year={1972},
	publisher={John Wiley and Sons, Inc., New York}
}
@book{lichnerowicz1987elements,
	title={El{\'e}ments de calcul tensoriel},
	author={Lichnerowicz, Andr{\'e}},
	year={1987},
	publisher={Jacques Gabay}
}
@book{gourgoulhon2012relativite,
	title={Relativit{\'e} restreinte: Des particules {\`a} lâ€™astrophysique},
	author={Gourgoulhon, Eric},
	year={2012},
	publisher={EDP sciences}
}
@book{uzan2014theories,
	title={Th{\'e}ories de la Relativit{\'e}},
	author={Uzan, Jean-Philippe and Deruelle, Nathalie},
	year={2014},
	publisher={Belin}
}
@techreport{soldovieri2001obtention,
	title={Obtention of a Gravitational Force from a Relativistic Solution to Binet's Equation},
	author={Soldovieri, T and Mu{\~n}oz, AGS},
	year={2001}
}
@unpublished{vojinovic2010lectures,
	title={Lecture 4: Schwarzchild solution in general relativity},
	author={Marko Vojinovi{\'c}},
	note={Lecture series on general relativity at University of Lisbon}
}
@book{radix1994introduction,
	title={Introduction {\`a} la relativit{\'e} g{\'e}n{\'e}rale},
	author={Radix, Jean-Claude},
	year={1994},
	publisher={Tec \& Doc-Lavoisier}
}
@book{rindler2001relativity,
	title={Relativity: special, general, and cosmological},
	author={Rindler, Wolfgang},
	year={2006}
}
@book{foster2005short,
	title={A short course in general relativity},
	author={Foster, James},
	year={2005},
	publisher={Springer-Verlag, Inc., New York}
}
@book{ohanian2013gravitation,
	title={Gravitation and spacetime},
	author={Ohanian, Hans},
	year={2013},
	publisher={Cambridge University Press},
	edition={Third}
}
@book{hawking1975large,
	title={The large space structure of spacetime},
	author={Hawking, Stephen W.},
	year={1975},
	publisher={Cambridge University Press}
}
@article{schlamminger2008test,
  title={Test of the equivalence principle using a rotating torsion balance},
  author={Schlamminger, Stephan and Choi, K-Y and Wagner, TA and Gundlach, JH and Adelberger, EG},
  journal={Physical Review Letters},
  volume={100},
  number={4},
  pages={041101},
  year={2008},
  publisher={APS}
}
